<?xml version="1.0" encoding="UTF-8"?>
<Document xmlns="urn:iso:std:iso:20022:tech:xsd:camt.052.001.08">
    <BkToCstmrAcctRpt>
        <GrpHdr>
            <MsgId>CAMT052-2024-001</MsgId>
            <CreDtTm>2024-01-15T10:30:00</CreDtTm>
        </GrpHdr>
        <Rpt>
            <Id>RPT-001</Id>
            <CreDtTm>2024-01-15T10:30:00</CreDtTm>
            <Acct>
                <Id>
                    <IBAN>DE89370400440532013000</IBAN>
                </Id>
                <Ccy>EUR</Ccy>
                <Ownr>
                    <Nm>Max Mustermann</Nm>
                </Ownr>
            </Acct>
            <Bal>
                <Tp>
                    <CdOrPrtry>
                        <Cd>OPBD</Cd>
                    </CdOrPrtry>
                </Tp>
                <Amt Ccy="EUR">5000.00</Amt>
                <CdtDbtInd>CRDT</CdtDbtInd>
                <Dt>
                    <Dt>2024-01-01</Dt>
                </Dt>
            </Bal>
            <Bal>
                <Tp>
                    <CdOrPrtry>
                        <Cd>CLBD</Cd>
                    </CdOrPrtry>
                </Tp>
                <Amt Ccy="EUR">4250.50</Amt>
                <CdtDbtInd>CRDT</CdtDbtInd>
                <Dt>
                    <Dt>2024-01-15</Dt>
                </Dt>
            </Bal>
            <Ntry>
                <Amt Ccy="EUR">1500.00</Amt>
                <CdtDbtInd>CRDT</CdtDbtInd>
                <Sts>BOOK</Sts>
                <BookgDt>
                    <Dt>2024-01-05</Dt>
                </BookgDt>
                <ValDt>
                    <Dt>2024-01-05</Dt>
                </ValDt>
                <NtryDtls>
                    <TxDtls>
                        <Refs>
                            <EndToEndId>E2E-REF-001</EndToEndId>
                            <TxId>TXN-001</TxId>
                        </Refs>
                        <RltdPties>
                            <Dbtr>
                                <Nm>Firma ABC GmbH</Nm>
                            </Dbtr>
                            <DbtrAcct>
                                <Id>
                                    <IBAN>DE12500105170648489890</IBAN>
                                </Id>
                            </DbtrAcct>
                            <Cdtr>
                                <Nm>Max Mustermann</Nm>
                            </Cdtr>
                            <CdtrAcct>
                                <Id>
                                    <IBAN>DE89370400440532013000</IBAN>
                                </Id>
                            </CdtrAcct>
                        </RltdPties>
                        <RmtInf>
                            <Ustrd>Gehaltszahlung Januar 2024</Ustrd>
                        </RmtInf>
                    </TxDtls>
                </NtryDtls>
            </Ntry>
            <Ntry>
                <Amt Ccy="EUR">850.00</Amt>
                <CdtDbtInd>DBIT</CdtDbtInd>
                <Sts>BOOK</Sts>
                <BookgDt>
                    <Dt>2024-01-08</Dt>
                </BookgDt>
                <ValDt>
                    <Dt>2024-01-08</Dt>
                </ValDt>
                <NtryDtls>
                    <TxDtls>
                        <Refs>
                            <EndToEndId>E2E-REF-002</EndToEndId>
                            <TxId>TXN-002</TxId>
                        </Refs>
                        <RltdPties>
                            <Dbtr>
                                <Nm>Max Mustermann</Nm>
                            </Dbtr>
                            <DbtrAcct>
                                <Id>
                                    <IBAN>DE89370400440532013000</IBAN>
                                </Id>
                            </DbtrAcct>
                            <Cdtr>
                                <Nm>Vermieter Schmidt</Nm>
                            </Cdtr>
                            <CdtrAcct>
                                <Id>
                                    <IBAN>DE44500105175407324567</IBAN>
                                </Id>
                            </CdtrAcct>
                        </RltdPties>
                        <RmtInf>
                            <Ustrd>Miete Januar 2024 - Wohnung Hauptstraße 123</Ustrd>
                        </RmtInf>
                    </TxDtls>
                </NtryDtls>
            </Ntry>
            <Ntry>
                <Amt Ccy="EUR">125.50</Amt>
                <CdtDbtInd>DBIT</CdtDbtInd>
                <Sts>BOOK</Sts>
                <BookgDt>
                    <Dt>2024-01-10</Dt>
                </BookgDt>
                <ValDt>
                    <Dt>2024-01-10</Dt>
                </ValDt>
                <NtryDtls>
                    <TxDtls>
                        <Refs>
                            <EndToEndId>E2E-REF-003</EndToEndId>
                            <TxId>TXN-003</TxId>
                        </Refs>
                        <RltdPties>
                            <Dbtr>
                                <Nm>Max Mustermann</Nm>
                            </Dbtr>
                            <DbtrAcct>
                                <Id>
                                    <IBAN>DE89370400440532013000</IBAN>
                                </Id>
                            </DbtrAcct>
                            <Cdtr>
                                <Nm>Stadtwerke München</Nm>
                            </Cdtr>
                            <CdtrAcct>
                                <Id>
                                    <IBAN>DE89370400440123456789</IBAN>
                                </Id>
                            </CdtrAcct>
                        </RltdPties>
                        <RmtInf>
                            <Ustrd>Stromrechnung Dezember 2023 - Kundennummer 12345678</Ustrd>
                        </RmtInf>
                    </TxDtls>
                </NtryDtls>
            </Ntry>
            <Ntry>
                <Amt Ccy="EUR">2500.00</Amt>
                <CdtDbtInd>CRDT</CdtDbtInd>
                <Sts>BOOK</Sts>
                <BookgDt>
                    <Dt>2024-01-12</Dt>
                </BookgDt>
                <ValDt>
                    <Dt>2024-01-12</Dt>
                </ValDt>
                <NtryDtls>
                    <TxDtls>
                        <Refs>
                            <EndToEndId>E2E-REF-004</EndToEndId>
                            <TxId>TXN-004</TxId>
                        </Refs>
                        <RltdPties>
                            <Dbtr>
                                <Nm>Kunde XYZ AG</Nm>
                            </Dbtr>
                            <DbtrAcct>
                                <Id>
                                    <IBAN>DE75512108001245126199</IBAN>
                                </Id>
                            </DbtrAcct>
                            <Cdtr>
                                <Nm>Max Mustermann</Nm>
                            </Cdtr>
                            <CdtrAcct>
                                <Id>
                                    <IBAN>DE89370400440532013000</IBAN>
                                </Id>
                            </CdtrAcct>
                        </RltdPties>
                        <RmtInf>
                            <Ustrd>Rechnung RE-2024-001 - Beratungsleistung</Ustrd>
                        </RmtInf>
                    </TxDtls>
                </NtryDtls>
            </Ntry>
            <Ntry>
                <Amt Ccy="EUR">450.00</Amt>
                <CdtDbtInd>DBIT</CdtDbtInd>
                <Sts>BOOK</Sts>
                <BookgDt>
                    <Dt>2024-01-14</Dt>
                </BookgDt>
                <ValDt>
                    <Dt>2024-01-14</Dt>
                </ValDt>
                <NtryDtls>
                    <TxDtls>
                        <Refs>
                            <EndToEndId>E2E-REF-005</EndToEndId>
                            <TxId>TXN-005</TxId>
                        </Refs>
                        <RltdPties>
                            <Dbtr>
                                <Nm>Max Mustermann</Nm>
                            </Dbtr>
                            <DbtrAcct>
                                <Id>
                                    <IBAN>DE89370400440532013000</IBAN>
                                </Id>
                            </DbtrAcct>
                            <Cdtr>
                                <Nm>Versicherung Deutschland AG</Nm>
                            </Cdtr>
                            <CdtrAcct>
                                <Id>
                                    <IBAN>DE89370400440987654321</IBAN>
                                </Id>
                            </CdtrAcct>
                        </RltdPties>
                        <RmtInf>
                            <Ustrd>Krankenversicherung Januar 2024 - Versicherungsnummer 9876543</Ustrd>
                        </RmtInf>
                    </TxDtls>
                </NtryDtls>
            </Ntry>
            <Ntry>
                <Amt Ccy="EUR">75.00</Amt>
                <CdtDbtInd>DBIT</CdtDbtInd>
                <Sts>BOOK</Sts>
                <BookgDt>
                    <Dt>2024-01-15</Dt>
                </BookgDt>
                <ValDt>
                    <Dt>2024-01-15</Dt>
                </ValDt>
                <NtryDtls>
                    <TxDtls>
                        <Refs>
                            <EndToEndId>E2E-REF-006</EndToEndId>
                            <TxId>TXN-006</TxId>
                        </Refs>
                        <RltdPties>
                            <Dbtr>
                                <Nm>Max Mustermann</Nm>
                            </Dbtr>
                            <DbtrAcct>
                                <Id>
                                    <IBAN>DE89370400440532013000</IBAN>
                                </Id>
                            </DbtrAcct>
                            <Cdtr>
                                <Nm>Telekom Deutschland</Nm>
                            </Cdtr>
                            <CdtrAcct>
                                <Id>
                                    <IBAN>DE89370400440111222333</IBAN>
                                </Id>
                            </CdtrAcct>
                        </RltdPties>
                        <RmtInf>
                            <Ustrd>Mobilfunkrechnung Januar 2024 - Rufnummer 0171-1234567</Ustrd>
                        </RmtInf>
                    </TxDtls>
                </NtryDtls>
            </Ntry>
        </Rpt>
    </BkToCstmrAcctRpt>
</Document>